<record xmlns:xsi="http://www.w3.org/2001/XMLSchema-instance" xmlns="http://www.loc.gov/MARC21/slim" xsi:schemaLocation="http://www.loc.gov/MARC21/slim http://www.loc.gov/standards/marcxml/schema/MARC21slim.xsd">

  <leader>00767nam a2200181Ia 4500</leader>
  <datafield ind2=" " tag="999" ind1=" ">
    <subfield code="c">1930</subfield>
    <subfield code="d">1930</subfield>
  </datafield>
  <controlfield tag="008">180608b2006    cr ||||| |||| 00| | spa d</controlfield>
  <datafield ind2=" " tag="090" ind1=" ">
    <subfield code="a">06.04.08 </subfield>
    <subfield code="b">1277</subfield>
  </datafield>
  <datafield ind2=" " tag="100" ind1=" ">
    <subfield code="9">708</subfield>
    <subfield code="a">Cubero Venegas, Carmen María</subfield>
  </datafield>
  <datafield ind1=" " tag="245" ind2=" ">
    <subfield code="a">Programa Nacional de Capacitación para la Convivencia Armonica en el Aula y Centro Educativo /</subfield>
    <subfield code="c">Carmen Cubero</subfield>
  </datafield>
  <datafield tag="260" ind2=" " ind1=" ">
    <subfield code="a">San José, Costa Rica : </subfield>
    <subfield code="b">INIE, </subfield>
    <subfield code="c">2006</subfield>
  </datafield>
  <datafield ind1=" " ind2=" " tag="300">
    <subfield code="a">250 páginas</subfield>
  </datafield>
  <datafield ind1=" " tag="500" ind2=" ">
    <subfield code="a">Incluye el tercer  y el cuarto Informe Parcial 2007.  El cuarto Informe se denomina: Plan Nacional de Capacitación para la Convivencia Armonica en el Aula y Centro Educativo.</subfield>
  </datafield>
  <datafield ind2="4" tag="650" ind1="1">
    <subfield code="a">DISCIPLINA ESCOLAR</subfield>
    <subfield code="9">709</subfield>
  </datafield>
  <datafield ind1="1" tag="650" ind2="4">
    <subfield code="a">FORMACIÓN DE DOCENTES</subfield>
    <subfield code="9">9</subfield>
  </datafield>
  <datafield tag="650" ind2="4" ind1="1">
    <subfield code="a">EDUCACIÓN</subfield>
    <subfield code="9">1</subfield>
  </datafield>
  <datafield ind2="4" tag="650" ind1="1">
    <subfield code="a">CONVIVENCIA ESCOLAR</subfield>
    <subfield code="9">691</subfield>
  </datafield>
  <datafield ind1=" " ind2=" " tag="942">
    <subfield code="2">z</subfield>
    <subfield code="c">04</subfield>
  </datafield>
</record>